@article{dwork2014algorithmic,
  title={The algorithmic foundations of differential privacy},
  author={Dwork, Cynthia and Roth, Aaron and others},
  journal={Foundations and Trends{\textregistered} in Theoretical Computer Science},
  volume={9},
  number={3--4},
  pages={211--407},
  year={2014},
  publisher={Now Publishers, Inc.}
}

@inproceedings{fredrikson2015model,
  title={Model inversion attacks that exploit confidence information and basic countermeasures},
  author={Fredrikson, Matt and Jha, Somesh and Ristenpart, Thomas},
  booktitle={Proceedings of the 22nd ACM SIGSAC Conference on Computer and Communications Security},
  pages={1322--1333},
  year={2015},
  organization={ACM}
}

@inproceedings{erlingsson2014rappor,
  title={Rappor: Randomized aggregatable privacy-preserving ordinal response},
  author={Erlingsson, {\'U}lfar and Pihur, Vasyl and Korolova, Aleksandra},
  booktitle={Proceedings of the 2014 ACM SIGSAC conference on computer and communications security},
  pages={1054--1067},
  year={2014},
  organization={ACM}
}

@inproceedings{gilad2016cryptonets,
  title={Cryptonets: Applying neural networks to encrypted data with high throughput and accuracy},
  author={Gilad-Bachrach, Ran and Dowlin, Nathan and Laine, Kim and Lauter, Kristin and Naehrig, Michael and Wernsing, John},
  booktitle={International Conference on Machine Learning},
  pages={201--210},
  year={2016}
}
@article{papernot2016semi,
  title={Semi-supervised knowledge transfer for deep learning from private training data},
  author={Papernot, Nicolas and Abadi, Mart{\'\i}n and Erlingsson, Ulfar and Goodfellow, Ian and Talwar, Kunal},
  journal={arXiv preprint arXiv:1610.05755},
  year={2016}
}

@article{chou2018faster,
  title={Faster CryptoNets: Leveraging Sparsity for Real-World Encrypted Inference},
  author={Chou, Edward and Beal, Josh and Levy, Daniel and Yeung, Serena and Haque, Albert and Fei-Fei, Li},
  journal={arXiv preprint arXiv:1811.09953},
  year={2018}
}


@inproceedings{bonawitz2017practical,
  title={Practical secure aggregation for privacy-preserving machine learning},
  author={Bonawitz, Keith and Ivanov, Vladimir and Kreuter, Ben and Marcedone, Antonio and McMahan, H Brendan and Patel, Sarvar and Ramage, Daniel and Segal, Aaron and Seth, Karn},
  booktitle={Proceedings of the 2017 ACM SIGSAC Conference on Computer and Communications Security},
  pages={1175--1191},
  year={2017},
  organization={ACM}
}

@article{srivastava2014dropout,
  title={Dropout: a simple way to prevent neural networks from overfitting},
  author={Srivastava, Nitish and Hinton, Geoffrey and Krizhevsky, Alex and Sutskever, Ilya and Salakhutdinov, Ruslan},
  journal={The Journal of Machine Learning Research},
  volume={15},
  number={1},
  pages={1929--1958},
  year={2014},
  publisher={JMLR. org}
}

@article{yuan2014privacy,
  title={Privacy preserving back-propagation neural network learning made practical with cloud computing},
  author={Yuan, Jiawei and Yu, Shucheng},
  journal={IEEE Transactions on Parallel and Distributed Systems},
  volume={25},
  number={1},
  pages={212--221},
  year={2014},
  publisher={IEEE}
}

@inproceedings{barni2006privacy,
  title={A privacy-preserving protocol for neural-network-based computation},
  author={Barni, Mauro and Orlandi, Claudio and Piva, Alessandro},
  booktitle={Proceedings of the 8th workshop on Multimedia and security},
  pages={146--151},
  year={2006},
  organization={ACM}
}

@article{orlandi2007oblivious,
  title={Oblivious neural network computing via homomorphic encryption},
  author={Orlandi, Claudio and Piva, Alessandro and Barni, Mauro},
  journal={EURASIP Journal on Information Security},
  volume={2007},
  number={1},
  pages={037343},
  year={2007},
  publisher={Springer}
}

@article{chen2009privacy,
  title={Privacy-preserving backpropagation neural network learning},
  author={Chen, Tingting and Zhong, Sheng},
  journal={IEEE Transactions on Neural Networks},
  volume={20},
  number={10},
  pages={1554--1564},
  year={2009},
  publisher={IEEE}
}

@article{chabanne2017privacy,
  title={Privacy-preserving classification on deep neural network.},
  author={Chabanne, Herv{\'e} and de Wargny, Amaury and Milgram, Jonathan and Morel, Constance and Prouff, Emmanuel},
  journal={IACR Cryptology ePrint Archive},
  volume={2017},
  pages={35},
  year={2017}
}

@article{doersch2016tutorial,
  title={Tutorial on variational autoencoders},
  author={Doersch, Carl},
  journal={arXiv preprint arXiv:1606.05908},
  year={2016}
}
